[gd_scene load_steps=14 format=2]

[ext_resource path="res://player_ship.gd" type="Script" id=1]
[ext_resource path="res://name.gd" type="Script" id=2]
[ext_resource path="res://Camera2D.gd" type="Script" id=3]
[ext_resource path="res://assets/flame.png" type="Texture" id=4]
[ext_resource path="res://assets/rocket_noflame.png" type="Texture" id=5]
[ext_resource path="res://ShipCenter.gd" type="Script" id=6]
[ext_resource path="res://assets/GUI-Kit-Pack-Free_23.png" type="Texture" id=7]
[ext_resource path="res://assets/GUI-Kit-Pack-Free_35.png" type="Texture" id=8]
[ext_resource path="res://sfx/rocket-mixkit.ogg" type="AudioStream" id=9]
[ext_resource path="res://sfx/Sharp Punch-CGEffex1947392621.wav" type="AudioStream" id=10]
[ext_resource path="res://sfx/Grenade Explosion-MikeKoenig.wav" type="AudioStream" id=11]
[ext_resource path="res://assets/heavy-fighter.png" type="Texture" id=12]

[sub_resource type="CircleShape2D" id=1]
radius = 1.0

[node name="ship" type="Area2D"]
script = ExtResource( 1 )

[node name="rocket_sound" type="AudioStreamPlayer2D" parent="."]
stream = ExtResource( 9 )
volume_db = -10.0
autoplay = true
stream_paused = true

[node name="dmg" type="AudioStreamPlayer2D" parent="."]
stream = ExtResource( 10 )

[node name="death" type="AudioStreamPlayer2D" parent="."]
stream = ExtResource( 11 )
volume_db = -5.0

[node name="Collision" type="CollisionPolygon2D" parent="."]
rotation = 1.5708
scale = Vector2( 0.3, 0.3 )
polygon = PoolVector2Array( 0, -260.543, 88.0749, -192.37, 85.8274, -37.2953, 176.475, 63.8404, 174.977, 203.183, 79.8342, 141.003, -81.983, 141.003, -174.878, 205.43, -175.627, 62.3421, -84.9796, -42.5394, -86.4779, -193.868 )

[node name="UI" type="Sprite" parent="."]
visible = false
rotation = -2.35619
scale = Vector2( 0.1, 0.1 )
texture = ExtResource( 12 )

[node name="rocket_sprite" type="Sprite" parent="."]
rotation = 1.5708
scale = Vector2( 0.3, 0.3 )
texture = ExtResource( 5 )

[node name="flame_sprite" type="Sprite" parent="."]
visible = false
rotation = 1.5708
scale = Vector2( 0.3, 0.3 )
texture = ExtResource( 4 )

[node name="name" type="Node2D" parent="."]
script = ExtResource( 2 )

[node name="name_txt" type="Label" parent="name"]
margin_left = -100.0
margin_top = -50.0
margin_right = 100.0
margin_bottom = -36.0
text = "Player3"
align = 1
__meta__ = {
"_edit_use_anchors_": false
}

[node name="scuttle" type="Label" parent="name"]
visible = false
margin_left = -51.324
margin_top = 30.0
margin_right = 51.676
margin_bottom = 44.0
text = "Scuttle in X"
align = 1
__meta__ = {
"_edit_use_anchors_": false
}

[node name="hp" type="TextureProgress" parent="name"]
margin_left = -21.709
margin_top = -35.0
margin_right = 251.291
margin_bottom = 21.0
rect_scale = Vector2( 0.16, 0.16 )
mouse_filter = 2
value = 100.0
texture_under = ExtResource( 8 )
texture_progress = ExtResource( 7 )
__meta__ = {
"_edit_use_anchors_": false
}

[node name="camera" type="Camera2D" parent="."]
script = ExtResource( 3 )

[node name="Center" type="Area2D" parent="."]
script = ExtResource( 6 )

[node name="Timer" type="Timer" parent="Center"]
wait_time = 0.04
autostart = true

[node name="CollisionShape2D" type="CollisionShape2D" parent="Center"]
shape = SubResource( 1 )

[connection signal="timeout" from="Center/Timer" to="Center" method="_on_Timer_timeout"]
